<?xml version="1.0" encoding="UTF-8"?><collection xmlns="http://www.loc.gov/MARC21/slim"><record><leader>00681nam--2200193-i-4500</leader><controlfield tag="001">000040243</controlfield><controlfield tag="002">20161230</controlfield><controlfield tag="005">20170118220131</controlfield><controlfield tag="008">060222s1000------------r-----000-0-eng-d</controlfield><datafield ind1=" " ind2=" " tag="020"><subfield code="a">030635094X</subfield></datafield><datafield ind1=" " ind2=" " tag="040"><subfield code="a">IFIN-HH</subfield></datafield><datafield ind1=" " ind2=" " tag="080"><subfield code="a">539.183.2(061.3):53.081(061.3)</subfield></datafield><datafield ind1="1" ind2=" " tag="100"><subfield code="a">Sanders, J. H</subfield></datafield><datafield ind1="1" ind2="0" tag="245"><subfield code="a">Atomic masses and fundamental constants 4</subfield><subfield code="b">Proceedinngs of the Fourth International Conference on Atomic Masses and Fundamental Constants held at Teddington England September 1971</subfield><subfield code="c">H.J. Sanders, A.H. Wapstra (eds.)</subfield></datafield><datafield ind1=" " ind2=" " tag="260"><subfield code="a">London</subfield><subfield code="b">Plenum Press</subfield><subfield code="c">1972</subfield></datafield><datafield ind1=" " ind2=" " tag="300"><subfield code="a">XVI + 571 p</subfield></datafield><datafield ind1="1" ind2=" " tag="700"><subfield code="a">Wapstra, A. H</subfield><subfield code="e">Ed</subfield></datafield><datafield ind1=" " ind2=" " tag="852"><subfield code="a">42038</subfield><subfield code="c">539.18</subfield></datafield><datafield ind1=" " ind2=" " tag="CAT"><subfield code="a">SYS</subfield><subfield code="c">20170118</subfield><subfield code="h">220131</subfield></datafield></record></collection>